@article{murphy1994,
title={UCI Repository of Machine learning Databases [http://www.ics.uci.edu/~mlearn/MLRepository.html], Department of Information and Computer Science},
author={Murphy, P.M. and Aha, D.W},
journal={University of California, Irvine, CA},
year={1994}
}

@article{almirall2012,
  title={Elemental Analysis of Glass by SEM-EDS, ?XRF, LIBS and LA-ICP-MS},
  author={Almirall, Naes, Cahoon, Trejos},
  journal={National Criminal Justice Reference Series},
  year={2012},
  publisher={Department of Justice}
}

@article{evett1987,
  title={Rule induction in forensic science},
  author={Evett, Ian W and Spiehler, EJ},
  journal={KBS in Goverment, Online Publications},
  pages={107--118},
  year={1987}
}

@article{bottrell2009,
  title={Forensic Glass Comparison: Background Information Used in Data Interpretation},
  author={Bottrell, Maureen C},
  journal={Forensic Science Communications},
  volume={11},
  number={2},
  year={2009},
  publisher={Federal Bureau of Investigation}
}

@book{hagan2014,
  title={Neural network design},
  author={Demuth, Howard B and Beale, Mark H and De Jess, Orlando and Hagan, Martin T},
  year={2014},
  publisher={Martin Hagan}
}